<?xml version="1.0" encoding="UTF-8"?><collection xmlns="http://www.loc.gov/MARC21/slim"><record><leader>00513nam--2200145-i-4500</leader><controlfield tag="001">000010029</controlfield><controlfield tag="002">20161230</controlfield><controlfield tag="005">20170304140011</controlfield><controlfield tag="008">060222s1000------------r-----000-0-eng-d</controlfield><datafield ind1=" " ind2=" " tag="245"><subfield code="a">Ceramic nuclear fuels. International Symposium May 3-8, 1969, Washington, D.C. sponsored by the Nuclear Division of the American Ceramic Society</subfield></datafield><datafield ind1=" " ind2=" " tag="260"><subfield code="a">Columbus, Ohio</subfield><subfield code="b">The American Ceramic Society, Inc</subfield><subfield code="c">1969</subfield></datafield><datafield ind1=" " ind2=" " tag="300"><subfield code="a">252 p</subfield></datafield><datafield ind1=" " ind2=" " tag="700"><subfield code="a">Kaznoff, Alexis I</subfield></datafield><datafield ind1=" " ind2=" " tag="852"><subfield code="a">621.039.542.34:061.3</subfield></datafield><datafield ind1=" " ind2=" " tag="CAT"><subfield code="a">SYS</subfield><subfield code="c">20170304</subfield><subfield code="h">140011</subfield></datafield></record></collection>